@article{shannon2001mathematical,
  title={A mathematical theory of communication},
  author={Shannon, Claude Elwood},
  journal={ACM SIGMOBILE Mobile Computing and Communications Review},
  volume={5},
  number={1},
  pages={3--55},
  year={2001},
  publisher={ACM}
}

@article{meghanathan2010steganalysis,
  title={Steganalysis algorithms for detecting the hidden information in image, audio and video cover media},
  author={Meghanathan, Natarajan and Nayak, Lopamudra},
  journal={international journal of Network Security \& Its application (IJNSA)},
  volume={2},
  number={1},
  pages={43--55},
  year={2010}
}


@article{clausius1976application,
  title={On the application of the theorem of the equivalence of transformations to the internal work of a mass of matter},
  author={Clausius, R},
  journal={Kestin, J},
  pages={133--161},
  year={1976}
}

@article{avcibas2006audio,
  title={Audio steganalysis with content-independent distortion measures},
  author={Avc{\i}bas, Ismail},
  journal={IEEE Signal Processing Letters},
  volume={13},
  number={2},
  year={2006},
  publisher={Citeseer}
}

@article{johnson1998exploring,
  title={Exploring steganography: Seeing the unseen},
  author={Johnson, Neil F and Jajodia, Sushil},
  journal={Computer},
  volume={31},
  number={2},
  pages={26--34},
  year={1998},
  publisher={IEEE}
}

@article{tanenbaum2003computer,
  title={Computer networks, 4-th edition},
  author={Tanenbaum, Andrew S},
  journal={ed: Prentice Hall},
  year={2003}
}

@article{nilsson2004id3v2,
  title={Id3v2 web site},
  author={Nilsson, M},
  journal={Web Document},
  year={2004}
}

@article{survey,
  title={Digital image steganography: Survey and analysis of current methods.},
  author={Cheddad, Abbas, et al.},
  journal={Signal processing},
  volume={90},
  number={3},
  pages={727-752},
  year={2010}
}

@inproceedings{czeskis2008defeating,
  title={Defeating Encrypted and Deniable File Systems: TrueCrypt v5. 1a and the Case of the Tattling OS and Applications.},
  author={Czeskis, Alexei and Hilaire, David J St and Koscher, Karl and Gribble, Steven D and Kohno, Tadayoshi and Schneier, Bruce},
  booktitle={HotSec},
  year={2008}
}

@inproceedings{cvejic2002increasing,
  title={Increasing the capacity of LSB-based audio steganography},
  author={Cvejic, Nedeljko and Seppanen, Tapio},
  booktitle={Multimedia Signal Processing, 2002 IEEE Workshop on},
  pages={336--338},
  year={2002},
  organization={IEEE}
}

@article{kaur2015data,
  title={Data Concealing Using Audio Steganography},
  author={Kaur, Harleen and Aggarwal, Meena and Kaur, Amrinder},
  year={2015}
}

@misc{ukstego,
  title={Steganography and Digital Watermarking},
  author={Jonathan Cummins, Patrick Diskin, Samuel Lau, Robert Parlett},
  howpublished = {\url{https://www.cs.bham.ac.uk/~mdr/teaching/modules03/security/students/SS5/Steganography.htm}},
  note = {Accessed: 2016-04-16},
  year = {2004}
}

@article{digitalprocess,
  title={The scientist and engineer's guide to digital signal processing},
  author={Steven W Smith},
  year={1997},
  publisher={California Technical Pub. San Diego}
}

@misc{quantpic,
  title={Digital Show and Tell},
  author={Monty Montgomery},
  howpublished = {\url{https://wiki.xiph.org/File:Dsat_011.png}},
  note = {Accessed: 2016-03-23},
  year={2013}
}

@inproceedings{gopalan2015imperceptible,
  title={An imperceptible and robust audio steganography employing bit modification},
  author={Gopalan, Kaliappan and Fu, Jiajun},
  booktitle={Industrial Technology (ICIT), 2015 IEEE International Conference on},
  pages={1635--1638},
  year={2015},
  organization={IEEE}
}


@misc{riffspec,
  title={Multmedia Programming Interface and Data Specifications 1.0},
  author={IBM and Microsoft},
  howpublished = {\url{http://www-mmsp.ece.mcgill.ca/documents/audioformats/wave/Docs/riffmci.pdf}},
  note = {Accessed: 2016-03-23},
  year={1991}
}

@inproceedings{lee2001information,
  title={Information-theoretic measures for anomaly detection},
  author={Lee, Wenke and Xiang, Dong},
  booktitle={Security and Privacy, 2001. S\&P 2001. Proceedings. 2001 IEEE Symposium on},
  pages={130--143},
  year={2001},
  organization={IEEE}
}

@inproceedings{cachin1998information,
  title={An information-theoretic model for steganography},
  author={Cachin, Christian},
  booktitle={Information Hiding},
  pages={306--318},
  year={1998},
  organization={Springer}
}

@article{khan2011optimized,
  title={An optimized method for concealing data using audio steganography},
  author={Khan, Md Shafakhatullah and Bhaskar, MV Vijaya and Nagaraju, MV Shiva},
  journal={International Journal of Computer Applications (0975--8887) Volume},
  pages={25--30},
  year={2011}
}


@incollection{dodis2005entropic,
  title={Entropic security and the encryption of high entropy messages},
  author={Dodis, Yevgeniy and Smith, Adam},
  booktitle={Theory of Cryptography},
  pages={556--577},
  year={2005},
  publisher={Springer}
}

@inproceedings{simmons1984prisoners,
  title={The prisonersâ€™ problem and the subliminal channel},
  author={Simmons, Gustavus J},
  booktitle={Advances in Cryptology},
  pages={51--67},
  year={1984},
  organization={Springer}
}

@misc{junestam2014open,
  title={Open Crypto Audit Project: TrueCrypt},
  author={Junestam, Andreas and Guigo, Nicolas},
  year={2014},
  publisher={Security}
}

@INPROCEEDINGS{1599886, 
author={S. S. Agaian and D. Akopian and O. Caglayan and S. A. D'Souza},
title={Lossless Adaptive Digital Audio Steganography}, 
booktitle={Conference Record of the Thirty-Ninth Asilomar Conference onSignals, Systems and Computers, 2005.}, 
year={2005}
}

@INPROCEEDINGS{1220996, 
author={K. Gopalan}, 
booktitle={Multimedia and Expo, 2003. ICME '03. Proceedings. 2003 International Conference on}, 
title={Audio steganography using bit modification}, 
year={2003}
}

